%% This BibTeX bibliography file was created using BibDesk.
%% http://bibdesk.sourceforge.net/


%% Created for tomek at 2010-01-07 18:17:11 +0100 


%% Saved with string encoding Unicode (UTF-8) 


@comment{This file has been generated by Pybliographer}

@inproceedings{Koziara2003,
author = {Koziara, T. and Cicho\'{n}, C.},
title = {Solfec-XFEM Program for Crack Growth Analysis in 2D Concrete Structures},
booktitle = {Computer Methods in Mechanics (CMM-2003)},
year = {2003},
address = {Gliwice, Poland}
}

@manual{SolfecManual,
	Address = {http://solfec.googlecode.com/hg/doc/solfec.pdf},
	Author = {Tomasz Koziara},
	Date-Added = {2010-01-07 18:15:11 +0100},
	Date-Modified = {2010-01-07 18:16:44 +0100},
	Title = {Solfec user manual},
	Year = {2010}}

@inproceedings{Koziara05a,
	Address = {Sheffield},
	Author = {Koziara, Tomasz and Bi\'cani\'c, Nenad},
	Booktitle = {Proc. {13th} {ACME} {C}onference},
	Pages = {33-37},
	Title = {Bounding box collision detection},
	Year = 2005}

@inproceedings{Koziara05b,
	Address = {Barcelona},
	Author = {Koziara, Tomasz and Bi\'cani\'c, Nenad},
	Booktitle = {Proc. {VIII} {I}nternational {C}onference on {C}omputational {P}lasticity},
	Pages = {419-422},
	Title = {Sweep-plane approach to bounding box intersection},
	Year = 2005}

@inproceedings{Koziara06a,
	Address = {Belfast},
	Author = {Koziara, Tomasz and Bi\'cani\'c, Nenad},
	Booktitle = {Proc. {14th} {ACME/ISSEC} {C}onference},
	Pages = {159-162},
	Title = {Non-smooth contact dynamics method for pseudo-rigid bodies},
	Year = 2006}

@inproceedings{Koziara06b,
	Address = {Thessaloniki},
	Author = {Koziara, Tomasz and Bi\'cani\'c, Nenad},
	Booktitle = {Proc. {II} {I}nternational {C}onference on {N}onsmooth/{N}onconvex {M}echanics},
	Pages = {339-346},
	Title = {On parallelisation in the nonsmooth contact dynamics method},
	Year = 2006}

@inproceedings{Koziara07,
	Address = {Glasgow},
	Author = {Koziara, Tomasz and Bi\'cani\'c, Nenad},
	Booktitle = {Proc. {15th} {ACME} {C}onference},
	Title = {An algorithm for statics of dry masonry},
	Year = 2007}

@inproceedings{Koziara2009,
	Address = {Barcelona},
	Author = {Koziara, Tomasz and Bi{\'c}ani{\'c}, Nenad},
	Booktitle = {International Conference on Particle-Based Methods},
	Title = {Smoothed variational inequality formulation of dynaic multibody frictional contact problems},
	Year = 2009}

@phdthesis{Koziara2008PhD,
	Address = {http://theses.gla.ac.uk/429/},
	Author = {Koziara, Tomasz},
	School = {University of Glasgow},
	Title = {Aspects of computational contact dynamics},
	Year = 2008}

@inproceedings{Koziara2008ACME,
	Address = {Newcastle upon Tyne, UK},
	Author = {Koziara, Tomasz and Bi\'cani\'c, Nenad},
	Booktitle = {Proc. {16th} UK Conference on Computational Mechanics {ACME-UK}},
	Title = {Simple and efficient integration of rigid rotations suitable for constraint solvers},
	Year = 2008}

@article{Koziara2008,
	Author = {Koziara, Tomasz and Bi{\'c}ani{\'c}, Nenad},
	Day = {01},
	Issue = {33-40},
	Journal = {Computer Methods in Applied Mechanics and Engineering},
	Pages = {2763--2777},
	Title = {Semismooth {N}ewton method for frictional contact between pseudo-rigid bodies},
	Volume = {197},
	Year = 2008}

@article{Koziara2008b,
	Author = {Koziara, Tomasz and Bi\'cani\'c, Nenad},
	Journal = {Journal for Numerical Methods in Engineering},
	Number = {9},
	Pages = {1073 - 1092},
	Title = {Simple and efficient integration of rigid rotations suitable for constraint solvers},
	Volume = {81},
	Year = 2009}

@inproceedings{Koziara2010ACME,
	Address = {Southampton, UK},
	Author = {Koziara, Tomasz and Bi\'cani\'c, Nenad},
	Booktitle = {Proc. {18th} UK Conference on Computational Mechanics {ACME-UK}},
	Title = {A distributed memory semi-implicit multi-body Contact Dynamics code},
	Year = 2010}

@article{Koziara2010,
    Author = {Koziara, Tomasz and Bi\'cani\'c, Nenad},
    title = {A distributed memory parallel multibody Contact Dynamics code},
    journal = {International Journal for Numerical Methods in Engineering},
    volume = {87},
    number = {1-5},
    publisher = {John Wiley & Sons, Ltd.},
    issn = {1097-0207},
    url = {http://dx.doi.org/10.1002/nme.3158},
    doi = {10.1002/nme.3158},
    pages = {437--456},
    year = 2011}

@inproceedings{Koziara2011ACME,
	Address = {Edinburgh, UK},
	Author = {Koziara, Tomasz and Bi\'cani\'c, Nenad},
	Booktitle = {Proc. {19th} UK Conference on Computational Mechanics {ACME-UK}},
	Title = {A projected quasi-Newton method for dynamic multibody frictional contact problems},
	Year = 2011}

@inproceedings{Koziara2011,
	Author = {Koziara, Tomasz and Bi\'cani\'c, Nenad},
	Address = {Grenoble},
	Booktitle = {Euromech colloquium: Nonsmooth contact and impact laws in mechanics},
	Title = {A projected quasi-{N}ewton method for dynamic multibody frictional contact problems},
	Year = {2011}}

@inproceedings{Koziara2011a,
	Author = {Koziara, Tomasz and Lukasz Kaczmarczyk},
	Address = {Barcelona},
	Booktitle = {II International Conference on Particle Based Methods},
	Title = {Multi-body Contact Dynamics with co-rotational finite elements and rough background mesh},
	Year = {2011}}

@inproceedings{Koziara2011BIR,
	Address = {Birmingham, UK},
	Author = {Koziara, Tomasz and Bi\'cani\'c, Nenad},
	Booktitle = {Modelling and Measuring Reactor Core Graphite Properties and Performance},
	Title = {On Large Scale Implicit Multi-body Contact Dynamics Modelling with SOLFEC},
	Year = 2011}

@article{Kaczmarczyk2012,
	Author = {Lukasz Kaczmarczyk and Tomasz Koziara and Chris J. Pearce},
	Journal = {http://arxiv.org/abs/1110.5321},
	Title = {Corotational formulation for 3d solids: an analysis of geometricaly nonlinear foam deformation},
	Year = {2011}}

@article{Koziara2013,
    Author = {Koziara, Tomasz and Kaczmarczyk, Lukasz and Brasier, Steve and Bi\'cani\'c, Nenad},
    title = {Co-rotated finite element and modal time integrators for multibody dynamic contact problems},
    journal = {In preparation}}
